<?xml version="1.0" encoding="UTF-8"?><collection xmlns="http://www.loc.gov/MARC21/slim"><record><leader>00539nam--2200193-i-4500</leader><controlfield tag="001">000036854</controlfield><controlfield tag="002">20161230</controlfield><controlfield tag="005">20161230201041</controlfield><controlfield tag="008">060222s1000------------r-----000-0-eng-d</controlfield><datafield ind1=" " ind2=" " tag="020"><subfield code="a">0306405687</subfield></datafield><datafield ind1=" " ind2=" " tag="040"><subfield code="a">IFIN-HH</subfield></datafield><datafield ind1=" " ind2=" " tag="080"><subfield code="a">539.126.4/4</subfield></datafield><datafield ind1="1" ind2=" " tag="100"><subfield code="a">Zichichi, Antonino</subfield></datafield><datafield ind1="1" ind2="0" tag="245"><subfield code="a">Pointlike structures inside and outside hadrons</subfield><subfield code="c">Antonio zichichi (ed.)</subfield></datafield><datafield ind1=" " ind2=" " tag="260"><subfield code="a">New York</subfield><subfield code="b">Plenum Press</subfield><subfield code="c">1982</subfield></datafield><datafield ind1=" " ind2=" " tag="300"><subfield code="a">VIII + 739P</subfield></datafield><datafield ind1=" " ind2=" " tag="490"><subfield code="a">The Subnuclear Series</subfield><subfield code="v">Vol. 17</subfield></datafield><datafield ind1=" " ind2=" " tag="852"><subfield code="a">49950</subfield><subfield code="c">539.12</subfield></datafield><datafield ind1=" " ind2=" " tag="CAT"><subfield code="a">Sys</subfield><subfield code="c">20111208</subfield><subfield code="h">150115</subfield></datafield></record></collection>